<?xml version = "1.0" encoding = "UTF-8"?><record>
  <leader>02238nam#a2200601#cb4500</leader>
  <controlfield tag="005">20210409133517.0</controlfield>
  <controlfield tag="007">cr#|||||||||||</controlfield>
  <controlfield tag="008">170905|2017####gw######o#####1||#|#ger#c</controlfield>
  <controlfield tag="003">DE-605</controlfield>
  <controlfield tag="001">990219440890206441</controlfield>
  <datafield tag="024" ind1="7" ind2=" ">
    <subfield code="a">urn:nbn:de:hbz:929:02-edoweb:70119907</subfield>
    <subfield code="2">urn</subfield>
  </datafield>
  <datafield tag="035" ind1=" " ind2=" ">
    <subfield code="a">(DE-605)HT019440025</subfield>
  </datafield>
  <datafield tag="040" ind1=" " ind2=" ">
    <subfield code="a">929</subfield>
    <subfield code="b">ger</subfield>
    <subfield code="d">929</subfield>
    <subfield code="e">rda</subfield>
  </datafield>
  <datafield tag="041" ind1=" " ind2=" ">
    <subfield code="a">ger</subfield>
  </datafield>
  <datafield tag="044" ind1=" " ind2=" ">
    <subfield code="c">XA-DE</subfield>
  </datafield>
  <datafield tag="082" ind1="0" ind2=" ">
    <subfield code="a">914.3</subfield>
  </datafield>
  <datafield tag="082" ind1="0" ind2=" ">
    <subfield code="a">320</subfield>
  </datafield>
  <datafield tag="084" ind1=" " ind2=" ">
    <subfield code="a">rpb404320</subfield>
    <subfield code="2">rpb</subfield>
  </datafield>
  <datafield tag="084" ind1=" " ind2=" ">
    <subfield code="a">rpbr_99_o31500000_</subfield>
    <subfield code="2">rpb</subfield>
  </datafield>
  <datafield tag="084" ind1=" " ind2=" ">
    <subfield code="a">rpbr_01_</subfield>
    <subfield code="2">rpb</subfield>
  </datafield>
  <datafield tag="084" ind1=" " ind2=" ">
    <subfield code="a">330</subfield>
    <subfield code="2">rpb</subfield>
  </datafield>
  <datafield tag="084" ind1=" " ind2=" ">
    <subfield code="a">610</subfield>
    <subfield code="2">rpb</subfield>
  </datafield>
  <datafield tag="084" ind1=" " ind2=" ">
    <subfield code="a">130</subfield>
    <subfield code="2">rpb</subfield>
  </datafield>
  <datafield tag="084" ind1=" " ind2=" ">
    <subfield code="a">131</subfield>
    <subfield code="2">rpb</subfield>
  </datafield>
  <datafield tag="084" ind1=" " ind2=" ">
    <subfield code="a">106</subfield>
    <subfield code="2">rpb</subfield>
  </datafield>
  <datafield tag="084" ind1=" " ind2=" ">
    <subfield code="a">139</subfield>
    <subfield code="2">rpb</subfield>
  </datafield>
  <datafield tag="084" ind1=" " ind2=" ">
    <subfield code="a">147</subfield>
    <subfield code="2">rpb</subfield>
  </datafield>
  <datafield tag="111" ind1="2" ind2=" ">
    <subfield code="a">70 Jahre Parlament in Rheinland-Pfalz</subfield>
    <subfield code="g">Veranstaltung</subfield>
    <subfield code="d">2016</subfield>
    <subfield code="c">Koblenz</subfield>
    <subfield code="0">(DE-588)1139979302</subfield>
    <subfield code="4">aut</subfield>
    <subfield code="0">(uri) https://portal.dnb.de/opac.htm?method=simpleSearch&amp;cqlMode=true&amp;query=idn=1139979302</subfield>
    <subfield code="0">(uri) http://viaf.org/viaf/sourceID/DNB|1139979302</subfield>
    <subfield code="B">GND-1139979302</subfield>
  </datafield>
  <datafield tag="245" ind1="1" ind2="0">
    <subfield code="a">70 Jahre Parlament in Rheinland-Pfalz</subfield>
    <subfield code="b">Festveranstaltung am 22. November im Stadttheater Koblenz</subfield>
    <subfield code="c">Herausgeber: Der Pr&#228;sident des Landtags Rheinland-Pfalz ; verantwortlich: Hans-Peter Hexemer, Leiter Kommunikation und neue Medien</subfield>
  </datafield>
  <datafield tag="246" ind1="3" ind2=" ">
    <subfield code="a">Siebzig Jahre Parlament in Rheinland-Pfalz</subfield>
  </datafield>
  <datafield tag="264" ind1=" " ind2="1">
    <subfield code="a">Mainz</subfield>
    <subfield code="b">Landtag Rheinland-Pfalz</subfield>
    <subfield code="c">[2017]</subfield>
  </datafield>
  <datafield tag="264" ind1=" " ind2="4">
    <subfield code="c">&#169; 2017</subfield>
  </datafield>
  <datafield tag="300" ind1=" " ind2=" ">
    <subfield code="a">1 Online-Ressource (89 Seiten)</subfield>
    <subfield code="b">Illustrationen</subfield>
  </datafield>
  <datafield tag="336" ind1=" " ind2=" ">
    <subfield code="b">txt</subfield>
  </datafield>
  <datafield tag="337" ind1=" " ind2=" ">
    <subfield code="b">c</subfield>
  </datafield>
  <datafield tag="338" ind1=" " ind2=" ">
    <subfield code="b">cr</subfield>
  </datafield>
  <datafield tag="347" ind1=" " ind2=" ">
    <subfield code="a">Textdatei</subfield>
    <subfield code="b">PDF</subfield>
    <subfield code="c">817 KB</subfield>
  </datafield>
  <datafield tag="490" ind1="1" ind2=" ">
    <subfield code="a">Schriftenreihe des Landtags Rheinland-Pfalz</subfield>
    <subfield code="v">Heft 67</subfield>
  </datafield>
  <datafield tag="655" ind1=" " ind2="7">
    <subfield code="a">Konferenzschrift</subfield>
    <subfield code="y">2016</subfield>
    <subfield code="z">Koblenz</subfield>
    <subfield code="0">(DE-588)1071861417</subfield>
    <subfield code="2">gnd-content</subfield>
  </datafield>
  <datafield tag="655" ind1=" " ind2="4">
    <subfield code="a">Amtliche Publikation</subfield>
    <subfield code="0">4142300-8</subfield>
  </datafield>
  <datafield tag="689" ind1="0" ind2="0">
    <subfield code="a">Rheinland-Pfalz</subfield>
    <subfield code="b">Landtag</subfield>
    <subfield code="D">b</subfield>
    <subfield code="0">(DE-588)2029773-7</subfield>
    <subfield code="0">(uri) https://portal.dnb.de/opac.htm?method=simpleSearch&amp;cqlMode=true&amp;query=idn=004862015</subfield>
    <subfield code="0">(uri) http://viaf.org/viaf/sourceID/DNB|004862015</subfield>
    <subfield code="B">GND-004862015</subfield>
  </datafield>
  <datafield tag="689" ind1="0" ind2="1">
    <subfield code="a">Jubil&#228;um</subfield>
    <subfield code="D">s</subfield>
    <subfield code="0">(DE-588)4129003-3</subfield>
    <subfield code="0">(uri) https://portal.dnb.de/opac.htm?method=simpleSearch&amp;cqlMode=true&amp;query=idn=041290038</subfield>
    <subfield code="0">(uri) http://viaf.org/viaf/sourceID/DNB|041290038</subfield>
    <subfield code="B">GND-041290038</subfield>
  </datafield>
  <datafield tag="689" ind1="0" ind2="2">
    <subfield code="a">Geschichte 2016</subfield>
    <subfield code="A">z</subfield>
  </datafield>
  <datafield tag="700" ind1="1" ind2=" ">
    <subfield code="a">Hexemer, Hans-Peter</subfield>
    <subfield code="d">1952-</subfield>
    <subfield code="0">(DE-588)1151969400</subfield>
    <subfield code="4">edt</subfield>
    <subfield code="0">(uri) https://portal.dnb.de/opac.htm?method=simpleSearch&amp;cqlMode=true&amp;query=idn=1151969400</subfield>
    <subfield code="0">(uri) http://viaf.org/viaf/sourceID/DNB|1151969400</subfield>
    <subfield code="B">GND-1151969400</subfield>
  </datafield>
  <datafield tag="710" ind1="2" ind2=" ">
    <subfield code="a">Rheinland-Pfalz</subfield>
    <subfield code="b">Landtag</subfield>
    <subfield code="0">(DE-588)2029773-7</subfield>
    <subfield code="4">isb</subfield>
    <subfield code="0">(uri) https://portal.dnb.de/opac.htm?method=simpleSearch&amp;cqlMode=true&amp;query=idn=004862015</subfield>
    <subfield code="0">(uri) http://viaf.org/viaf/sourceID/DNB|004862015</subfield>
    <subfield code="B">GND-004862015</subfield>
  </datafield>
  <datafield tag="830" ind1=" " ind2="0">
    <subfield code="a">Schriftenreihe des Landtags Rheinland-Pfalz</subfield>
    <subfield code="w">(DE-605)HT019378259</subfield>
    <subfield code="v">67</subfield>
    <subfield code="9">O:1</subfield>
  </datafield>
  <datafield tag="856" ind1="4" ind2="0">
    <subfield code="u">https://www.edoweb-rlp.de/resource/edoweb:7011990</subfield>
    <subfield code="x">Archivierte Online-Ressource</subfield>
  </datafield>
  <datafield tag="856" ind1="4" ind2=" ">
    <subfield code="x">Archivierte Online-Ressource</subfield>
    <subfield code="x">Langzeitarchivierung</subfield>
    <subfield code="z">kostenfrei</subfield>
  </datafield>
  <datafield tag="960" ind1="1" ind2=" ">
    <subfield code="r">929: edoweb</subfield>
  </datafield>
  <datafield tag="964" ind1="0" ind2="s">
    <subfield code="F">030</subfield>
    <subfield code="A">a|zur||||||27</subfield>
  </datafield>
  <datafield tag="964" ind1="0" ind2="s">
    <subfield code="F">050</subfield>
    <subfield code="A">||||||||g|||||</subfield>
  </datafield>
  <datafield tag="964" ind1="0" ind2="s">
    <subfield code="F">051</subfield>
    <subfield code="A">sk||||||</subfield>
  </datafield>
  <datafield tag="035" ind1=" " ind2=" ">
    <subfield code="a">(DE-599)HBZHT019440025</subfield>
  </datafield>
  <datafield tag="MBD" ind1=" " ind2=" ">
    <subfield code="M">49HBZ_NETWORK</subfield>
    <subfield code="i">990219440890206441</subfield>
    <subfield code="n">HBZ Network</subfield>
  </datafield>
  <datafield tag="MNG" ind1=" " ind2=" ">
    <subfield code="c">System</subfield>
    <subfield code="f">ILS</subfield>
    <subfield code="i">marc21</subfield>
    <subfield code="k">01</subfield>
    <subfield code="e">false</subfield>
    <subfield code="d">2021-04-09 13:35:17 Europe/Berlin</subfield>
    <subfield code="g">021944089-HBZ01</subfield>
    <subfield code="j">60</subfield>
    <subfield code="a">import</subfield>
    <subfield code="b">2021-04-05 15:21:32 Europe/Berlin</subfield>
  </datafield>
  <datafield tag="GKT" ind1="1" ind2=" ">
    <subfield code="a">Rheinland-Pfalz</subfield>
    <subfield code="b">Landtag</subfield>
    <subfield code="b">Parlaments- und Wissenschaftlicher Dienst</subfield>
    <subfield code="4">spio</subfield>
    <subfield code="4">http://d-nb.info/standards/elementset/gnd#variantName</subfield>
    <subfield code="w">r</subfield>
    <subfield code="i">Spitzenorgan</subfield>
    <subfield code="e">Spitzenorgan</subfield>
    <subfield code="A">GND</subfield>
    <subfield code="B">GND-004862015</subfield>
    <subfield code="C">410</subfield>
  </datafield>
  <datafield tag="GKT" ind1="1" ind2=" ">
    <subfield code="a">Rheinland-Pfalz</subfield>
    <subfield code="b">Landtag</subfield>
    <subfield code="b">Wissenschaftlicher Dienst</subfield>
    <subfield code="4">spio</subfield>
    <subfield code="4">http://d-nb.info/standards/elementset/gnd#variantName</subfield>
    <subfield code="w">r</subfield>
    <subfield code="i">Spitzenorgan</subfield>
    <subfield code="e">Spitzenorgan</subfield>
    <subfield code="A">GND</subfield>
    <subfield code="B">GND-004862015</subfield>
    <subfield code="C">410</subfield>
  </datafield>
  <datafield tag="GKT" ind1="1" ind2=" ">
    <subfield code="a">Rheinland-Pfalz</subfield>
    <subfield code="b">Landtag</subfield>
    <subfield code="b">Wissenschaftliche Abteilung</subfield>
    <subfield code="4">spio</subfield>
    <subfield code="4">http://d-nb.info/standards/elementset/gnd#variantName</subfield>
    <subfield code="w">r</subfield>
    <subfield code="i">Spitzenorgan</subfield>
    <subfield code="e">Spitzenorgan</subfield>
    <subfield code="A">GND</subfield>
    <subfield code="B">GND-004862015</subfield>
    <subfield code="C">410</subfield>
  </datafield>
  <datafield tag="GKT" ind1="2" ind2=" ">
    <subfield code="a">Parlaments- und Wissenschaftlicher Dienst</subfield>
    <subfield code="g">Mainz</subfield>
    <subfield code="4">spio</subfield>
    <subfield code="4">http://d-nb.info/standards/elementset/gnd#variantName</subfield>
    <subfield code="w">r</subfield>
    <subfield code="i">Spitzenorgan</subfield>
    <subfield code="e">Spitzenorgan</subfield>
    <subfield code="A">GND</subfield>
    <subfield code="B">GND-004862015</subfield>
    <subfield code="C">410</subfield>
  </datafield>
  <datafield tag="GKT" ind1="2" ind2=" ">
    <subfield code="a">Wissenschaftliche Abteilung</subfield>
    <subfield code="g">Rheinland-Pfalz, Landtag</subfield>
    <subfield code="4">spio</subfield>
    <subfield code="4">http://d-nb.info/standards/elementset/gnd#variantName</subfield>
    <subfield code="w">r</subfield>
    <subfield code="i">Spitzenorgan</subfield>
    <subfield code="e">Spitzenorgan</subfield>
    <subfield code="A">GND</subfield>
    <subfield code="B">GND-004862015</subfield>
    <subfield code="C">410</subfield>
  </datafield>
  <datafield tag="GKT" ind1="1" ind2=" ">
    <subfield code="a">Rheinland-Pfalz</subfield>
    <subfield code="b">Landtag</subfield>
    <subfield code="b">Drucksachen-Abteilung</subfield>
    <subfield code="n">1</subfield>
    <subfield code="4">spio</subfield>
    <subfield code="4">http://d-nb.info/standards/elementset/gnd#variantName</subfield>
    <subfield code="w">r</subfield>
    <subfield code="i">Spitzenorgan</subfield>
    <subfield code="e">Spitzenorgan</subfield>
    <subfield code="A">GND</subfield>
    <subfield code="B">GND-004862015</subfield>
    <subfield code="C">410</subfield>
  </datafield>
  <datafield tag="GKT" ind1="1" ind2=" ">
    <subfield code="a">Rheinland-Pfalz</subfield>
    <subfield code="b">Landtag</subfield>
    <subfield code="b">Drucksachen-Abteilung</subfield>
    <subfield code="n">2</subfield>
    <subfield code="4">spio</subfield>
    <subfield code="4">http://d-nb.info/standards/elementset/gnd#variantName</subfield>
    <subfield code="w">r</subfield>
    <subfield code="i">Spitzenorgan</subfield>
    <subfield code="e">Spitzenorgan</subfield>
    <subfield code="A">GND</subfield>
    <subfield code="B">GND-004862015</subfield>
    <subfield code="C">410</subfield>
  </datafield>
  <datafield tag="GKT" ind1="1" ind2=" ">
    <subfield code="a">Rheinland-Pfalz</subfield>
    <subfield code="b">Landtag</subfield>
    <subfield code="b">Drucksachen-Abteilung</subfield>
    <subfield code="n">3</subfield>
    <subfield code="4">spio</subfield>
    <subfield code="4">http://d-nb.info/standards/elementset/gnd#variantName</subfield>
    <subfield code="w">r</subfield>
    <subfield code="i">Spitzenorgan</subfield>
    <subfield code="e">Spitzenorgan</subfield>
    <subfield code="A">GND</subfield>
    <subfield code="B">GND-004862015</subfield>
    <subfield code="C">410</subfield>
  </datafield>
  <datafield tag="GKT" ind1="1" ind2=" ">
    <subfield code="a">Rheinland-Pfalz</subfield>
    <subfield code="b">Landtag</subfield>
    <subfield code="b">Verwaltung</subfield>
    <subfield code="4">spio</subfield>
    <subfield code="4">http://d-nb.info/standards/elementset/gnd#variantName</subfield>
    <subfield code="w">r</subfield>
    <subfield code="i">Spitzenorgan</subfield>
    <subfield code="e">Spitzenorgan</subfield>
    <subfield code="A">GND</subfield>
    <subfield code="B">GND-004862015</subfield>
    <subfield code="C">410</subfield>
  </datafield>
  <datafield tag="GKT" ind1="2" ind2=" ">
    <subfield code="a">Landtag</subfield>
    <subfield code="g">Rheinland-Pfalz</subfield>
    <subfield code="A">GND</subfield>
    <subfield code="B">GND-004862015</subfield>
    <subfield code="C">410</subfield>
  </datafield>
  <datafield tag="GKT" ind1="1" ind2=" ">
    <subfield code="a">Rheinland-Pfalz</subfield>
    <subfield code="b">Landtag</subfield>
    <subfield code="b">Referat O&#776;ffentlichkeitsarbeit</subfield>
    <subfield code="4">spio</subfield>
    <subfield code="4">http://d-nb.info/standards/elementset/gnd#variantName</subfield>
    <subfield code="w">r</subfield>
    <subfield code="i">Spitzenorgan</subfield>
    <subfield code="e">Spitzenorgan</subfield>
    <subfield code="A">GND</subfield>
    <subfield code="B">GND-004862015</subfield>
    <subfield code="C">410</subfield>
  </datafield>
  <datafield tag="GKT" ind1="1" ind2=" ">
    <subfield code="a">Rheinland-Pfalz</subfield>
    <subfield code="b">Landtag</subfield>
    <subfield code="b">Der Pra&#776;sident</subfield>
    <subfield code="A">GND</subfield>
    <subfield code="B">GND-004862015</subfield>
    <subfield code="C">410</subfield>
  </datafield>
  <datafield tag="GKT" ind1="1" ind2=" ">
    <subfield code="a">Rheinland-Pfalz</subfield>
    <subfield code="b">Landtag</subfield>
    <subfield code="b">Pra&#776;sident</subfield>
    <subfield code="A">GND</subfield>
    <subfield code="B">GND-004862015</subfield>
    <subfield code="C">410</subfield>
  </datafield>
  <datafield tag="GKT" ind1="2" ind2=" ">
    <subfield code="a">Der Pra&#776;sident des Landtags Rheinland-Pfalz</subfield>
    <subfield code="4">nauv</subfield>
    <subfield code="4">http://d-nb.info/standards/elementset/gnd#variantName</subfield>
    <subfield code="w">r</subfield>
    <subfield code="i">Unveraenderte Form</subfield>
    <subfield code="e">Unveraenderte Form</subfield>
    <subfield code="A">GND</subfield>
    <subfield code="B">GND-004862015</subfield>
    <subfield code="C">410</subfield>
  </datafield>
  <datafield tag="GKT" ind1="2" ind2=" ">
    <subfield code="a">&lt;&lt;Der&gt;&gt; Pra&#776;sident</subfield>
    <subfield code="g">Rheinland-Pfalz. Landtag</subfield>
    <subfield code="A">GND</subfield>
    <subfield code="B">GND-004862015</subfield>
    <subfield code="C">410</subfield>
  </datafield>
  <datafield tag="GSI" ind1="7" ind2=" ">
    <subfield code="a">http://d-nb.info/gnd/2029773-7</subfield>
    <subfield code="2">uri</subfield>
    <subfield code="A">GND</subfield>
    <subfield code="B">GND-004862015</subfield>
    <subfield code="C">024</subfield>
  </datafield>
  <datafield tag="GPN" ind1="1" ind2=" ">
    <subfield code="a">Hexemer, Hans Peter</subfield>
    <subfield code="d">1952-</subfield>
    <subfield code="A">GND</subfield>
    <subfield code="B">GND-1151969400</subfield>
    <subfield code="C">400</subfield>
  </datafield>
  <datafield tag="GPN" ind1="1" ind2=" ">
    <subfield code="a">Hexemer, Hans-P.</subfield>
    <subfield code="d">1952-</subfield>
    <subfield code="A">GND</subfield>
    <subfield code="B">GND-1151969400</subfield>
    <subfield code="C">400</subfield>
  </datafield>
  <datafield tag="GPN" ind1="1" ind2=" ">
    <subfield code="a">Hexemer, Hans P.</subfield>
    <subfield code="d">1952-</subfield>
    <subfield code="A">GND</subfield>
    <subfield code="B">GND-1151969400</subfield>
    <subfield code="C">400</subfield>
  </datafield>
  <datafield tag="GPN" ind1="1" ind2=" ">
    <subfield code="a">Hexemer, H.-P.</subfield>
    <subfield code="d">1952-</subfield>
    <subfield code="A">GND</subfield>
    <subfield code="B">GND-1151969400</subfield>
    <subfield code="C">400</subfield>
  </datafield>
  <datafield tag="GPN" ind1="1" ind2=" ">
    <subfield code="a">Hexemer, H. P.</subfield>
    <subfield code="d">1952-</subfield>
    <subfield code="A">GND</subfield>
    <subfield code="B">GND-1151969400</subfield>
    <subfield code="C">400</subfield>
  </datafield>
  <datafield tag="GPN" ind1="1" ind2=" ">
    <subfield code="a">Hexemer, H.</subfield>
    <subfield code="d">1952-</subfield>
    <subfield code="A">GND</subfield>
    <subfield code="B">GND-1151969400</subfield>
    <subfield code="C">400</subfield>
  </datafield>
  <datafield tag="GSI" ind1="7" ind2=" ">
    <subfield code="a">http://d-nb.info/gnd/1151969400</subfield>
    <subfield code="2">uri</subfield>
    <subfield code="A">GND</subfield>
    <subfield code="B">GND-1151969400</subfield>
    <subfield code="C">024</subfield>
  </datafield>
  <datafield tag="GST" ind1=" " ind2=" ">
    <subfield code="a">Jubila&#776;umsfeier</subfield>
    <subfield code="A">GND</subfield>
    <subfield code="B">GND-041290038</subfield>
    <subfield code="C">450</subfield>
  </datafield>
  <datafield tag="GST" ind1=" " ind2=" ">
    <subfield code="a">Jubila&#776;en</subfield>
    <subfield code="A">GND</subfield>
    <subfield code="B">GND-041290038</subfield>
    <subfield code="C">450</subfield>
  </datafield>
  <datafield tag="GSI" ind1="7" ind2=" ">
    <subfield code="a">http://d-nb.info/gnd/4129003-3</subfield>
    <subfield code="2">uri</subfield>
    <subfield code="A">GND</subfield>
    <subfield code="B">GND-041290038</subfield>
    <subfield code="C">024</subfield>
  </datafield>
  <datafield tag="GKT" ind1="1" ind2=" ">
    <subfield code="a">Rheinland-Pfalz</subfield>
    <subfield code="b">Landtag</subfield>
    <subfield code="b">Parlaments- und Wissenschaftlicher Dienst</subfield>
    <subfield code="4">spio</subfield>
    <subfield code="4">http://d-nb.info/standards/elementset/gnd#variantName</subfield>
    <subfield code="w">r</subfield>
    <subfield code="i">Spitzenorgan</subfield>
    <subfield code="e">Spitzenorgan</subfield>
    <subfield code="A">GND</subfield>
    <subfield code="B">GND-004862015</subfield>
    <subfield code="C">410</subfield>
  </datafield>
  <datafield tag="GKT" ind1="1" ind2=" ">
    <subfield code="a">Rheinland-Pfalz</subfield>
    <subfield code="b">Landtag</subfield>
    <subfield code="b">Wissenschaftlicher Dienst</subfield>
    <subfield code="4">spio</subfield>
    <subfield code="4">http://d-nb.info/standards/elementset/gnd#variantName</subfield>
    <subfield code="w">r</subfield>
    <subfield code="i">Spitzenorgan</subfield>
    <subfield code="e">Spitzenorgan</subfield>
    <subfield code="A">GND</subfield>
    <subfield code="B">GND-004862015</subfield>
    <subfield code="C">410</subfield>
  </datafield>
  <datafield tag="GKT" ind1="1" ind2=" ">
    <subfield code="a">Rheinland-Pfalz</subfield>
    <subfield code="b">Landtag</subfield>
    <subfield code="b">Wissenschaftliche Abteilung</subfield>
    <subfield code="4">spio</subfield>
    <subfield code="4">http://d-nb.info/standards/elementset/gnd#variantName</subfield>
    <subfield code="w">r</subfield>
    <subfield code="i">Spitzenorgan</subfield>
    <subfield code="e">Spitzenorgan</subfield>
    <subfield code="A">GND</subfield>
    <subfield code="B">GND-004862015</subfield>
    <subfield code="C">410</subfield>
  </datafield>
  <datafield tag="GKT" ind1="2" ind2=" ">
    <subfield code="a">Parlaments- und Wissenschaftlicher Dienst</subfield>
    <subfield code="g">Mainz</subfield>
    <subfield code="4">spio</subfield>
    <subfield code="4">http://d-nb.info/standards/elementset/gnd#variantName</subfield>
    <subfield code="w">r</subfield>
    <subfield code="i">Spitzenorgan</subfield>
    <subfield code="e">Spitzenorgan</subfield>
    <subfield code="A">GND</subfield>
    <subfield code="B">GND-004862015</subfield>
    <subfield code="C">410</subfield>
  </datafield>
  <datafield tag="GKT" ind1="2" ind2=" ">
    <subfield code="a">Wissenschaftliche Abteilung</subfield>
    <subfield code="g">Rheinland-Pfalz, Landtag</subfield>
    <subfield code="4">spio</subfield>
    <subfield code="4">http://d-nb.info/standards/elementset/gnd#variantName</subfield>
    <subfield code="w">r</subfield>
    <subfield code="i">Spitzenorgan</subfield>
    <subfield code="e">Spitzenorgan</subfield>
    <subfield code="A">GND</subfield>
    <subfield code="B">GND-004862015</subfield>
    <subfield code="C">410</subfield>
  </datafield>
  <datafield tag="GKT" ind1="1" ind2=" ">
    <subfield code="a">Rheinland-Pfalz</subfield>
    <subfield code="b">Landtag</subfield>
    <subfield code="b">Drucksachen-Abteilung</subfield>
    <subfield code="n">1</subfield>
    <subfield code="4">spio</subfield>
    <subfield code="4">http://d-nb.info/standards/elementset/gnd#variantName</subfield>
    <subfield code="w">r</subfield>
    <subfield code="i">Spitzenorgan</subfield>
    <subfield code="e">Spitzenorgan</subfield>
    <subfield code="A">GND</subfield>
    <subfield code="B">GND-004862015</subfield>
    <subfield code="C">410</subfield>
  </datafield>
  <datafield tag="GKT" ind1="1" ind2=" ">
    <subfield code="a">Rheinland-Pfalz</subfield>
    <subfield code="b">Landtag</subfield>
    <subfield code="b">Drucksachen-Abteilung</subfield>
    <subfield code="n">2</subfield>
    <subfield code="4">spio</subfield>
    <subfield code="4">http://d-nb.info/standards/elementset/gnd#variantName</subfield>
    <subfield code="w">r</subfield>
    <subfield code="i">Spitzenorgan</subfield>
    <subfield code="e">Spitzenorgan</subfield>
    <subfield code="A">GND</subfield>
    <subfield code="B">GND-004862015</subfield>
    <subfield code="C">410</subfield>
  </datafield>
  <datafield tag="GKT" ind1="1" ind2=" ">
    <subfield code="a">Rheinland-Pfalz</subfield>
    <subfield code="b">Landtag</subfield>
    <subfield code="b">Drucksachen-Abteilung</subfield>
    <subfield code="n">3</subfield>
    <subfield code="4">spio</subfield>
    <subfield code="4">http://d-nb.info/standards/elementset/gnd#variantName</subfield>
    <subfield code="w">r</subfield>
    <subfield code="i">Spitzenorgan</subfield>
    <subfield code="e">Spitzenorgan</subfield>
    <subfield code="A">GND</subfield>
    <subfield code="B">GND-004862015</subfield>
    <subfield code="C">410</subfield>
  </datafield>
  <datafield tag="GKT" ind1="1" ind2=" ">
    <subfield code="a">Rheinland-Pfalz</subfield>
    <subfield code="b">Landtag</subfield>
    <subfield code="b">Verwaltung</subfield>
    <subfield code="4">spio</subfield>
    <subfield code="4">http://d-nb.info/standards/elementset/gnd#variantName</subfield>
    <subfield code="w">r</subfield>
    <subfield code="i">Spitzenorgan</subfield>
    <subfield code="e">Spitzenorgan</subfield>
    <subfield code="A">GND</subfield>
    <subfield code="B">GND-004862015</subfield>
    <subfield code="C">410</subfield>
  </datafield>
  <datafield tag="GKT" ind1="2" ind2=" ">
    <subfield code="a">Landtag</subfield>
    <subfield code="g">Rheinland-Pfalz</subfield>
    <subfield code="A">GND</subfield>
    <subfield code="B">GND-004862015</subfield>
    <subfield code="C">410</subfield>
  </datafield>
  <datafield tag="GKT" ind1="1" ind2=" ">
    <subfield code="a">Rheinland-Pfalz</subfield>
    <subfield code="b">Landtag</subfield>
    <subfield code="b">Referat O&#776;ffentlichkeitsarbeit</subfield>
    <subfield code="4">spio</subfield>
    <subfield code="4">http://d-nb.info/standards/elementset/gnd#variantName</subfield>
    <subfield code="w">r</subfield>
    <subfield code="i">Spitzenorgan</subfield>
    <subfield code="e">Spitzenorgan</subfield>
    <subfield code="A">GND</subfield>
    <subfield code="B">GND-004862015</subfield>
    <subfield code="C">410</subfield>
  </datafield>
  <datafield tag="GKT" ind1="1" ind2=" ">
    <subfield code="a">Rheinland-Pfalz</subfield>
    <subfield code="b">Landtag</subfield>
    <subfield code="b">Der Pra&#776;sident</subfield>
    <subfield code="A">GND</subfield>
    <subfield code="B">GND-004862015</subfield>
    <subfield code="C">410</subfield>
  </datafield>
  <datafield tag="GKT" ind1="1" ind2=" ">
    <subfield code="a">Rheinland-Pfalz</subfield>
    <subfield code="b">Landtag</subfield>
    <subfield code="b">Pra&#776;sident</subfield>
    <subfield code="A">GND</subfield>
    <subfield code="B">GND-004862015</subfield>
    <subfield code="C">410</subfield>
  </datafield>
  <datafield tag="GKT" ind1="2" ind2=" ">
    <subfield code="a">Der Pra&#776;sident des Landtags Rheinland-Pfalz</subfield>
    <subfield code="4">nauv</subfield>
    <subfield code="4">http://d-nb.info/standards/elementset/gnd#variantName</subfield>
    <subfield code="w">r</subfield>
    <subfield code="i">Unveraenderte Form</subfield>
    <subfield code="e">Unveraenderte Form</subfield>
    <subfield code="A">GND</subfield>
    <subfield code="B">GND-004862015</subfield>
    <subfield code="C">410</subfield>
  </datafield>
  <datafield tag="GKT" ind1="2" ind2=" ">
    <subfield code="a">&lt;&lt;Der&gt;&gt; Pra&#776;sident</subfield>
    <subfield code="g">Rheinland-Pfalz. Landtag</subfield>
    <subfield code="A">GND</subfield>
    <subfield code="B">GND-004862015</subfield>
    <subfield code="C">410</subfield>
  </datafield>
  <datafield tag="GSI" ind1="7" ind2=" ">
    <subfield code="a">http://d-nb.info/gnd/2029773-7</subfield>
    <subfield code="2">uri</subfield>
    <subfield code="A">GND</subfield>
    <subfield code="B">GND-004862015</subfield>
    <subfield code="C">024</subfield>
  </datafield>
  <datafield tag="GKS" ind1="2" ind2=" ">
    <subfield code="a">Siebzig Jahre Parlament in Rheinland-Pfalz</subfield>
    <subfield code="g">Veranstaltung</subfield>
    <subfield code="d">2016</subfield>
    <subfield code="c">Koblenz</subfield>
    <subfield code="A">GND</subfield>
    <subfield code="B">GND-1139979302</subfield>
    <subfield code="C">411</subfield>
  </datafield>
  <datafield tag="GKS" ind1="2" ind2=" ">
    <subfield code="a">70 Jahre Parlament in Rheinland-Pfalz. Festveranstaltung am 22. November 2016 im Stadttheater Koblenz</subfield>
    <subfield code="4">nauv</subfield>
    <subfield code="4">http://d-nb.info/standards/elementset/gnd#variantName</subfield>
    <subfield code="w">r</subfield>
    <subfield code="i">Unveraenderte Form</subfield>
    <subfield code="j">Unveraenderte Form</subfield>
    <subfield code="A">GND</subfield>
    <subfield code="B">GND-1139979302</subfield>
    <subfield code="C">411</subfield>
  </datafield>
  <datafield tag="GSI" ind1="7" ind2=" ">
    <subfield code="a">http://d-nb.info/gnd/1139979302</subfield>
    <subfield code="2">uri</subfield>
    <subfield code="A">GND</subfield>
    <subfield code="B">GND-1139979302</subfield>
    <subfield code="C">024</subfield>
  </datafield>
</record>